@book{dorf:2009,
author = {Richard C. Dorf and Robert H. Bishop},
title = {Sistemas de Controle Modernos},
publisher = {LTC -- 11\textordfeminine\ Edição},
year = {2009}
}
