@book{coelho:2004,
    author = {Antônio Augusto Rodrigues Coelho and Leandro Dos Santos Coelho},
    title = {Identificação de Sistemas Dinâmicos Lineares},
    publisher = {UFSC -- 1\textordfeminine\ Edição},
    year = {2004}
}

@phdthesis{santos:2007,
    author = {José Eli Santos Dos Santos},
    title = {Controle preditivo não-linear para sistemas de hammerstein},
    school = {Universidade Federal de Santa Catarina - UFSC},
    year = {2007}
}
