@book{dorf:2009,
author = {Richard C. Dorf and Robert H. Bishop},
title = {Sistemas de Controle Modernos},
publisher = {LTC -- 11\textordfeminine\ Edição},
year = {2009}
}

@book{coelho:2004,
author = {Antônio Augusto Rodrigues Coelho and Leandro Dos Santos Coelho},
title = {Identificação de Sistemas Dinâmicos Lineares},
publisher = {UFSC -- 1\textordfeminine\ Edição},
year = {2004}
}

@misc{maitelli2002,
author = {André Laurindo Maitelli},
title = {Sistemas de Controle},
year = {2002}
}
